<?xml version="1.0" encoding="UTF-8"?><collection xmlns="http://www.loc.gov/MARC21/slim"><record><leader>00345nam--2200133-i-4500</leader><controlfield tag="001">000046175</controlfield><controlfield tag="002">20161230</controlfield><controlfield tag="005">20161230201045</controlfield><controlfield tag="008">060222s1000------------r-----000-0-eng-d</controlfield><datafield ind1=" " ind2=" " tag="100"><subfield code="a">Vazaca,C</subfield></datafield><datafield ind1=" " ind2=" " tag="245"><subfield code="a">Proprietati fundamentale ale sistemelor automate</subfield></datafield><datafield ind1=" " ind2=" " tag="260"><subfield code="a">Bucuresti, Asit, 1960. 68 P</subfield></datafield><datafield ind1=" " ind2=" " tag="490"><subfield code="a">Teoria Reglarii Automate</subfield></datafield><datafield ind1=" " ind2=" " tag="852"><subfield code="a">7421</subfield></datafield></record></collection>